@article{pinknoise,
  author = "Simon Gravelle, Laurent Joly, Roland R. Netz and Lyderic Bocquet",
  title = "Pink noise of ionic current, theory and modelisation",
  year = 2014
}
@article{netzpaper,
  author = "Roland Netz and Lydric Bocquet",
  title = "Conductivity Fluctuations in Cylindrical Pores",
  year = 2014
}
@article{netzpaper2,
  author = "Roland Netz",
  title = "\textit{Paper in preperation...}",
  year = 2014
}
@article{brownian,
  title = "Notes on Brownian Motion",
  chapter = "3",
  publisher = "Utrecht University",
  year = 2011
}
@online{curvefit,
  url = "http://docs.scipy.org/doc/scipy-0.14.0/reference/generated/scipy.optimize.curve_fit.html",
  title = "Doc: scipy.optimize.curve\_fit",
  year = 2014
}
@article{paper0,
	title = "Noise in solid-state nanopores.",
	author = "R M M Smeets, U F Keyser, N H Dekker and C Dekker",
	year = 2008
}
@article{paper1,
	title = "Low-frequency noise in solid-state nanopores.",
	author = "R M M Smeets N H Dekker and C Dekker",
	year = 2009
}
@Article{paper2,
author = {C. Tasserit a. Koutsioubas D. Lairez G. Zalczer and M.-
C. Clochard},
title = {Pink Noise of Ionic Conductance through
Single Artificial Nanopores Revisited},
journal = {Physical Review
Letters 105, 260602},
year = {2010}
}

